@article{bledsoe1966model,
  title   = {The model method in facial recognition},
  author  = {Bledsoe, Woodrow Wilson},
  journal = {Panoramic Research Inc., Palo Alto, CA, Rep. PR1},
  volume  = {15},
  number  = {47},
  pages   = {2},
  year    = {1966}
}

@misc{apple-faceid,
  title  = {{About Face ID advanced technology}},
  author = {{Apple Inc.}},
  year   = {2023},
  url    = {\url{https://support.apple.com/en-gb/102381}},
  note   = {Accessed: 2023-11-19}
}

@misc{intel-l515,
  title  = {{Intel RealSense LiDAR Camera L515}},
  author = {{Intel Corporation}},
  year   = {2023},
  url    = {\url{https://www.intelrealsense.com/lidar-camera-l515/}},
  note   = {Accessed: 2023-11-19}
}

@misc{dfrobot,
  author = {{DF Robot}},
  title  = {{Eight Practical Applications of mmWave Radar Technology}},
  url    = {\url{https://www.dfrobot.com/blog-1650.html}},
  year   = {2023},
  note   = {Accessed: 2023-11-19}
}